@article{DBLP:journals/corr/abs-1811-00405,
  author    = {Navonil Majumder and
               Soujanya Poria and
               Devamanyu Hazarika and
               Rada Mihalcea and
               Alexander F. Gelbukh and
               Erik Cambria},
  title     = {DialogueRNN: An Attentive {RNN} for Emotion Detection in Conversations},
  journal   = {CoRR},
  volume    = {abs/1811.00405},
  year      = {2018},
  url       = {http://arxiv.org/abs/1811.00405},
  eprinttype = {arXiv},
  eprint    = {1811.00405},
  timestamp = {Thu, 22 Nov 2018 17:58:30 +0100},
  biburl    = {https://dblp.org/rec/journals/corr/abs-1811-00405.bib},
  bibsource = {dblp computer science bibliography, https://dblp.org}
}

