@article{DBLP:journals/corr/Kim14f,
  author    = {Yoon Kim},
  title     = {Convolutional Neural Networks for Sentence Classification},
  journal   = {CoRR},
  volume    = {abs/1408.5882},
  year      = {2014},
  url       = {http://arxiv.org/abs/1408.5882},
  eprinttype = {arXiv},
  eprint    = {1408.5882},
  timestamp = {Mon, 13 Aug 2018 16:46:21 +0200},
  biburl    = {https://dblp.org/rec/journals/corr/Kim14f.bib},
  bibsource = {dblp computer science bibliography, https://dblp.org}
}

