@article{DBLP:journals/corr/abs-1103-0398,
  author     = {
                Ronan Collobert and
                Jason Weston and
                L{\'{e}}on Bottou and
                Michael Karlen and
                Koray Kavukcuoglu and
                Pavel P. Kuksa
                },
  title      = {Natural Language Processing (almost) from Scratch},
  journal    = {CoRR},
  volume     = {abs/1103.0398},
  year       = {2011},
  url        = {http://arxiv.org/abs/1103.0398},
  eprinttype = {arXiv},
  eprint     = {1103.0398},
  timestamp  = {Mon, 13 Aug 2018 16:46:35 +0200},
  biburl     = {https://dblp.org/rec/journals/corr/abs-1103-0398.bib},
  bibsource  = {dblp computer science bibliography, https://dblp.org}
}

